% References
@book{pattern-recognition,
    title = {Pattern Recognition and Machine Learning},
    author = {Bishop, Christopher M.},
    year = {2006},
    isbn = {0387310738},
    publisher = {Springer-Verlag},
    address = {Berlin, Heidelberg}
}

@article{learning-from-imb-data,
    title = {Learning from Imbalanced Data},
    author = {He, Haibo and Garcia, Edwardo A.},
    journal = {IEEE Transactions on Knowledge and Data Engineering},
    year = {2009},
    volume = {21},
    number = {9},
    pages = {1263-1284},
    doi = {10.1109/TKDE.2008.239}
}

% Preprocessing Methods
@article{rose,
    title = {Training and assessing classification rules with imbalanced data},
    author = {Menardi, Giovanna and Torelli, Nicola},
    journal = {Data mining and knowledge discovery},
    year = {2014},
    volume = {28},
    number = {1},
    pages = {92--122},
    publisher = {Springer}
}

@article{smote,
    title = {SMOTE: synthetic minority over-sampling technique},
    author = {Chawla, Nitesh V and Bowyer, Kevin W and Hall, Lawrence O and Kegelmeyer, W Philip},
    journal = {Journal of artificial intelligence research},
    year = {2002},
    volume = {16},
    pages = {321--357}
}

@inproceedings{borderline-smote,
    title = {Borderline-SMOTE: a new over-sampling method in imbalanced data sets learning},
    author = {Han, Hui and Wang, Wen-Yuan and Mao, Bing-Huan},
    booktitle = {International conference on intelligent computing},
    pages = {878--887},
    year = {2005},
    organization = {Springer}
}

@article{svm-smote,
    title = {Borderline over-sampling for imbalanced data classification},
    author = {Nguyen, Hien M and Cooper, Eric W and Kamei, Katsuari},
    journal = {International Journal of Knowledge Engineering and Soft Data Paradigms},
    volume = {3},
    number = {1},
    pages = {4--21},
    year = {2011},
    publisher = {Inderscience Publishers}
}

@article{k-means-smote,
    title = {Oversampling for imbalanced learning based on k-means and smote},
    author = {Last, Felix and Douzas, Georgios and Bacao, Fernando},
    journal = {arXiv preprint arXiv:1711.00837},
    year = {2017}
}

@inproceedings{adasyn,
    title = {ADASYN: Adaptive synthetic sampling approach for imbalanced learning},
    author = {He, Haibo and Bai, Yang and Garcia, Edwardo A and Li, Shutao},
    booktitle = {2008 IEEE international joint conference on neural networks (IEEE world congress on computational intelligence)},
    pages = {1322--1328},
    year = {2008},
    organization = {IEEE}
}

@inproceedings{one-sided-selection,
    title = {Addressing the curse of imbalanced training sets: one-sided selection},
    author = {Kubat, Miroslav and Matwin, Stan and others},
    booktitle = {Icml},
    volume = {97},
    number = {1},
    pages = {179},
    year = {1997},
    organization = {Citeseer}
}

@inproceedings{neighbourhood-cleaning-rule,
    title = {Improving identification of difficult small classes by balancing class distribution},
    author = {Laurikkala, Jorma},
    booktitle = {Conference on artificial intelligence in medicine in Europe},
    pages = {63--66},
    year = {2001},
    organization = {Springer}
}

@inproceedings{cluster-centroids,
    author = {Ren, Huajuan and Yang, Bei},
    title = {Clustering-Based Prototype Generation for Imbalance Classification},
    booktitle = {2019 International Conference on Smart Grid and Electrical Automation (ICSGEA)},
    year = {2019},
    pages = {422-426},
    doi = {10.1109/ICSGEA.2019.00102}
}

% Technologies
@article{sklearn,
    title = {Scikit-learn: Machine Learning in {P}ython},
    author = {Pedregosa, F. and Varoquaux, G. and Gramfort, A. and Michel, V. and Thirion, B. and Grisel, O. and Blondel, M. and Prettenhofer, P. and Weiss, R. and Dubourg, V. and Vanderplas, J. and Passos, A. and Cournapeau, D. and Brucher, M. and Perrot, M. and Duchesnay, E.},
    journal = {Journal of Machine Learning Research},
    volume = {12},
    pages = {2825--2830},
    year = {2011}
}

@inproceedings{auto-sklearn-1.0,
    title = {Efficient and Robust Automated Machine Learning},
    author = {Feurer, Matthias and Klein, Aaron and Eggensperger, Katharina and Springenberg, Jost and Blum, Manuel and Hutter, Frank},
    booktitle = {Advances in Neural Information Processing Systems 28 (2015)},
    pages = {2962--2970},
    year = {2015}
}

@article{auto-sklearn-2.0,
    title = {Auto-Sklearn 2.0: Hands-free AutoML via Meta-Learning},
    author = {Feurer, Matthias and Eggensperger, Katharina and Falkner, Stefan and Lindauer, Marius and Hutter, Frank},
    journal = {arXiv:2007.04074 [cs.LG]},
    year = {2020}
}

@article{imblearn,
    title = {Imbalanced-learn: A Python Toolbox to Tackle the Curse of Imbalanced Datasets in Machine Learning},
    author = {Guillaume Lema{{\^i}}tre and Fernando Nogueira and Christos K. Aridas},
    journal = {Journal of Machine Learning Research},
    year = {2017},
    volume = {18},
    number = {17},
    pages = {1-5},
    url = {http://jmlr.org/papers/v18/16-365.html}
}

@article{openml,
    title = {OpenML: networked science in machine learning},
    author = {Joaquin Vanschoren and Jan N. van Rijn and Bernd Bischl and Luis Torgo},
    journal = {SIGKDD Explorations},
    volume = {15},
    number = {2},
    year = {2013},
    pages = {49-60},
    url = {http://doi.acm.org/10.1145/2641190.264119},
    doi = {10.1145/2641190.2641198},
    publisher = {ACM}
}

% Misc
@article{svm,
    title = {Support-vector networks},
    author = {Cortes, Corinna and Vapnik, Vladimir},
    journal = {Machine learning},
    volume = {20},
    number = {3},
    pages = {273--297},
    year = {1995},
    publisher = {Springer}
}

@article{bayesian-opt,
    title = {A Tutorial on Bayesian Optimization of Expensive Cost Functions, with Application to Active User Modeling and Hierarchical Reinforcement Learning},
    author = {Eric Brochu and Vlad M. Cora and Nando de Freitas},
    journal = {CoRR},
    volume = {abs/1012.2599},
    year = {2010},
    url = {http://arxiv.org/abs/1012.2599},
    eprinttype = {arXiv},
    eprint = {1012.2599}
}
