@article{medical-imb-data,
    title = {Addressing the class imbalance problem in medical datasets},
    author = {Rahman, M Mostafizur and Davis, DN},
    journal = {International Journal of Machine Learning and Computing},
    volume = {3},
    number = {2},
    pages = {224},
    year = {2013},
    publisher = {IACSIT Press}
}

@article{matthews1975,
    title = {Comparison of the predicted and observed secondary structure of T4 phage lysozyme},
    author = {Matthews, Brian W},
    journal = {Biochimica et Biophysica Acta (BBA)-Protein Structure},
    volume = {405},
    number = {2},
    pages = {442--451},
    year = {1975},
    publisher = {Elsevier}
}

@article{brabec2018,
    title = {Bad practices in evaluation methodology relevant to class-imbalanced problems},
    author = {Brabec, Jan and Machlica, Lukas},
    journal = {arXiv preprint arXiv:1812.01388},
    year = {2018}
}

@article{axelsson,
    title = {The base-rate fallacy and the difficulty of intrusion detection},
    author = {Axelsson, Stefan},
    journal = {ACM Transactions on Information and System Security (TISSEC)},
    volume = {3},
    number = {3},
    pages = {186--205},
    year = {2000},
    publisher = {ACM New York, NY, USA}
}

@article{astronomy-imb-data,
    author = {Hosenie, Zafiirah and Lyon, Robert and Stappers, Benjamin and Mootoovaloo, Arrykrishna and McBride, Vanessa},
    title = {Imbalance learning for variable star classification},
    journal = {Monthly Notices of the Royal Astronomical Society},
    volume = {493},
    number = {4},
    pages = {6050-6059},
    year = {2020},
    month = {03},
    issn = {0035-8711},
    doi = {10.1093/mnras/staa642},
    url = {https://doi.org/10.1093/mnras/staa642},
    eprint = {https://academic.oup.com/mnras/article-pdf/493/4/6050/32980191/staa642.pdf}
}

@inproceedings{dos-donts-cybersec,
    author = {Daniel Arp and Erwin Quiring and Feargus Pendlebury and Alexander Warnecke and Fabio Pierazzi and Christian Wressnegger and Lorenzo Cavallaro and Konrad Rieck},
    title = {Dos and Don{\textquoteright}ts of Machine Learning in Computer Security},
    booktitle = {31st USENIX Security Symposium (USENIX Security 22)},
    year = {2022},
    isbn = {978-1-939133-31-1},
    address = {Boston, MA},
    pages = {3971--3988},
    url = {https://www.usenix.org/conference/usenixsecurity22/presentation/arp},
    publisher = {USENIX Association},
    month = aug
}

@inproceedings{bayesian-forests,
    author = {Jan Brabec and Lukas Machlica},
    booktitle = {2018 IEEE International Conference on Systems, Man, and Cybernetics (SMC)},
    title = {Decision-Forest Voting Scheme for Classification of Rare Classes in Network Intrusion Detection},
    year = {2018},
    volume = {},
    number = {},
    pages = {3325-3330},
    keywords = {},
    doi = {10.1109/SMC.2018.00563},
    ISSN = {2577-1655},
    month = {Oct}
}

@inproceedings{dvorak2022,
    author = {Dvorak, Stepan and Prochazka, Pavel and Bajer, Lukas},
    booktitle = {NOMS 2022-2022 IEEE/IFIP Network Operations and Management Symposium},
    title = {GNN-Based Malicious Network Entities Identification In Large-Scale Network Data},
    year = {2022},
    volume = {},
    number = {},
    pages = {1-4},
    doi = {10.1109/NOMS54207.2022.9789792}
}

@inproceedings{brabec2020,
    title = {On model evaluation under non-constant class imbalance},
    author = {Brabec, Jan and Kom{\'a}rek, Tom{\'a}{\v{s}} and Franc, Vojt{\v{e}}ch and Machlica, Luk{\'a}{\v{s}}},
    booktitle = {International Conference on Computational Science},
    pages = {74--87},
    year = {2020},
    organization = {Springer}
}

@article{malware-detection,
    title = {A comparison of static, dynamic, and hybrid analysis for malware detection},
    author = {Damodaran, Anusha and Di Troia, Fabio and Visaggio, Corrado Aaron and Austin, Thomas H and Stamp, Mark},
    journal = {Journal of Computer Virology and Hacking Techniques},
    volume = {13},
    number = {1},
    pages = {1--12},
    year = {2017},
    publisher = {Springer}
}

@article{fraud-detection-imb-data,
    author = {Phua, Clifton and Alahakoon, Damminda and Lee, Vincent},
    title = {Minority Report in Fraud Detection: Classification of Skewed Data},
    journal = {SIGKDD Explor. Newsl.},
    issue_date = {June 2004},
    volume = {6},
    number = {1},
    month = jun,
    year = {2004},
    issn = {1931-0145},
    pages = {50--59},
    numpages = {10},
    url = {http://doi.acm.org/10.1145/1007730.1007738},
    doi = {10.1145/1007730.1007738},
    acmid = {1007738},
    publisher = {ACM},
    address = {New York, NY, USA},
    keywords = {fraud detection, meta-learning, multiple classifier systems},
}

@article{bank-fraud-imb-data,
    title = {Effective detection of sophisticated online banking fraud on extremely imbalanced data},
    author = {Wei, Wei and Li, Jinjiu and Cao, Longbing and Ou, Yuming and Chen, Jiahang},
    journal = {World Wide Web},
    volume = {16},
    number = {4},
    pages = {449--475},
    year = {2013},
    publisher = {Springer}
}

@article{phishing-detection,
    author = {El Aassal, Ayman and Baki, Shahryar and Das, Avisha and Verma, Rakesh M.},
    journal = {IEEE Access},
    title = {An In-Depth Benchmarking and Evaluation of Phishing Detection Research for Security Needs},
    year = {2020},
    volume = {8},
    number = {},
    pages = {22170-22192},
    doi = {10.1109/ACCESS.2020.2969780}
}

@misc{malware-detection-is-hard,
    key = {The real reason why malware detection is hard -- and underestimated},
    Author = {Hahn, Karsten},
    title = {The real reason why malware detection is hard -- and underestimated},
    howpublished = {\url{https://www.gdatasoftware.com/blog/2022/06/37445-malware-detection-is-hard}},
    year = {2022},
    note = {Accessed: 2022-09-30}
}

@article{johnson2019,
    title = {Survey on deep learning with class imbalance},
    author = {Johnson, Justin M and Khoshgoftaar, Taghi M},
    journal = {Journal of Big Data},
    volume = {6},
    number = {1},
    pages = {1--54},
    year = {2019},
    publisher = {Springer}
}

@article{ml-lifecycle,
    author = {Ashmore, Rob and Calinescu, Radu and Paterson, Colin},
    title = {Assuring the Machine Learning Lifecycle: Desiderata, Methods, and Challenges},
    year = {2021},
    issue_date = {June 2022},
    publisher = {Association for Computing Machinery},
    address = {New York, NY, USA},
    volume = {54},
    number = {5},
    issn = {0360-0300},
    url = {https://doi.org/10.1145/3453444},
    doi = {10.1145/3453444},
    month = {May},
    articleno = {111},
    numpages = {39},
    keywords = {assurance evidence, assurance, machine learning workflow, Machine learning lifecycle, safety-critical systems}
}

@incollection{chawla2009,
    title = {Data mining for imbalanced datasets: An overview},
    author = {Chawla, Nitesh V},
    booktitle = {Data mining and knowledge discovery handbook},
    pages = {875--886},
    year = {2009},
    publisher = {Springer}
}

@article{sokolova2009,
    title = {A systematic analysis of performance measures for classification tasks},
    author = {Sokolova, Marina and Lapalme, Guy},
    journal = {Information Processing \& Management},
    volume = {45},
    number = {4},
    pages = {427--437},
    year = {2009},
    publisher = {Elsevier}
}

@article{kotsiantis2006,
    title = {Handling imbalanced datasets: A review},
    author = {Kotsiantis, Sotiris and Kanellopoulos, Dimitris and Pintelas, Panayiotis and others},
    journal = {GESTS International Transactions on Computer Science and Engineering},
    volume = {30},
    number = {1},
    pages = {25--36},
    year = {2006}
}

@inproceedings{gosain2017,
    title = {Handling class imbalance problem using oversampling techniques: A review},
    author = {Gosain, Anjana and Sardana, Saanchi},
    booktitle = {2017 international conference on advances in computing, communications and informatics (ICACCI)},
    pages = {79--85},
    year = {2017},
    organization = {IEEE}
}

@article{amin2016,
    title = {Comparing oversampling techniques to handle the class imbalance problem: A customer churn prediction case study},
    author = {Amin, Adnan and Anwar, Sajid and Adnan, Awais and Nawaz, Muhammad and Howard, Newton and Qadir, Junaid and Hawalah, Ahmad and Hussain, Amir},
    journal = {IEEE Access},
    volume = {4},
    pages = {7940--7957},
    year = {2016},
    publisher = {IEEE}
}

@inproceedings{barandela2004,
    title = {The imbalanced training sample problem: Under or over sampling?},
    author = {Barandela, Ricardo and Valdovinos, Rosa M and S{\'a}nchez, J Salvador and Ferri, Francesc J},
    booktitle = {Joint IAPR international workshops on statistical techniques in pattern recognition (SPR) and structural and syntactic pattern recognition (SSPR)},
    pages = {806--814},
    year = {2004},
    organization = {Springer}
}

@inproceedings{wheelus2018,
    author = {Wheelus, Charles and Bou-Harb, Elias and Zhu, Xingquan},
    booktitle = {2018 IEEE International Conference on Information Reuse and Integration (IRI)},
    title = {Tackling Class Imbalance in Cyber Security Datasets},
    year = {2018},
    volume = {},
    number = {},
    pages = {229-232},
    doi = {10.1109/IRI.2018.00041}
}

@article{kovacs,
    title = {An empirical comparison and evaluation of minority oversampling techniques on a large number of imbalanced datasets},
    journal = {Applied Soft Computing},
    volume = {83},
    pages = {105662},
    year = {2019},
    issn = {1568-4946},
    doi = {https://doi.org/10.1016/j.asoc.2019.105662},
    url = {https://www.sciencedirect.com/science/article/pii/S1568494619304429},
    author = {György Kovács}
}

@inproceedings{ahsan2018,
    title = {Smote implementation on phishing data to enhance cybersecurity},
    author = {Ahsan, Mostofa and Gomes, Rahul and Denton, Anne},
    booktitle = {2018 IEEE International Conference on Electro/Information Technology (EIT)},
    pages = {0531--0536},
    year = {2018},
    organization = {IEEE}
}

@inproceedings{massaoudi2022,
    title = {Intrusion Detection Method Based on SMOTE Transformation for Smart Grid Cybersecurity},
    author = {Massaoudi, Mohamed and Refaat, Shady S and Abu-Rub, Haitham},
    booktitle = {2022 3rd International Conference on Smart Grid and Renewable Energy (SGRE)},
    pages = {1--6},
    year = {2022},
    organization = {IEEE}
}

@inproceedings{akash2022,
    title = {Predicting Cyber-Attacks on IoT Networks Using Deep-Learning and Different Variants of SMOTE},
    author = {Akash, Bathini Sai and Yannam, Pavan Kumar Reddy and Ruthvik, Bokkasam Venkata Sai and Kumar, Lov and Murthy, Lalita Bhanu and Krishna, Aneesh},
    booktitle = {International Conference on Advanced Information Networking and Applications},
    pages = {243--255},
    year = {2022},
    organization = {Springer}
}

@inproceedings{soe2019,
    title = {Ddos attack detection based on simple ann with smote for iot environment},
    author = {Soe, Yan Naung and Santosa, Paulus Insap and Hartanto, Rudy},
    booktitle = {2019 fourth international conference on informatics and computing (ICIC)},
    pages = {1--5},
    year = {2019},
    organization = {IEEE}
}

@inproceedings{azad2021,
    title = {IoT Cybersecurity: On the Use of Machine Learning Approaches for Unbalanced Datasets},
    author = {Azad, Salahuddin and Naqvi, Syeda Salma and Sabrina, Fariza and Sohail, Shaleeza and Thakur, Sweta},
    booktitle = {2021 IEEE Asia-Pacific Conference on Computer Science and Data Engineering (CSDE)},
    pages = {1--6},
    year = {2021},
    organization = {IEEE}
}

@article{bagui2021,
    title = {Resampling imbalanced data for network intrusion detection datasets},
    author = {Bagui, Sikha and Li, Kunqi},
    journal = {Journal of Big Data},
    volume = {8},
    number = {1},
    pages = {1--41},
    year = {2021},
    publisher = {SpringerOpen}
}

@inproceedings{mani2003,
    title = {kNN approach to unbalanced data distributions: a case study involving information extraction},
    author = {Mani, Inderjeet and Zhang, I},
    booktitle = {Proceedings of workshop on learning from imbalanced datasets},
    volume = {126},
    pages = {1--7},
    year = {2003},
    organization = {ICML}
}

@article{learning-from-imb-data,
    title = {Learning from Imbalanced Data},
    author = {He, Haibo and Garcia, Edwardo A.},
    journal = {IEEE Transactions on Knowledge and Data Engineering},
    year = {2009},
    volume = {21},
    number = {9},
    pages = {1263-1284},
    doi = {10.1109/TKDE.2008.239}
}

@article{smote,
    title = {SMOTE: synthetic minority over-sampling technique},
    author = {Chawla, Nitesh V and Bowyer, Kevin W and Hall, Lawrence O and Kegelmeyer, W Philip},
    journal = {Journal of artificial intelligence research},
    year = {2002},
    volume = {16},
    pages = {321--357}
}

@inproceedings{borderline-smote,
    title = {Borderline-SMOTE: a new over-sampling method in imbalanced data sets learning},
    author = {Han, Hui and Wang, Wen-Yuan and Mao, Bing-Huan},
    booktitle = {International conference on intelligent computing},
    pages = {878--887},
    year = {2005},
    organization = {Springer}
}

@article{svm-smote,
    title = {Borderline over-sampling for imbalanced data classification},
    author = {Nguyen, Hien M and Cooper, Eric W and Kamei, Katsuari},
    journal = {International Journal of Knowledge Engineering and Soft Data Paradigms},
    volume = {3},
    number = {1},
    pages = {4--21},
    year = {2011},
    publisher = {Inderscience Publishers}
}

@article{kmeans-smote,
    title = {Oversampling for imbalanced learning based on k-means and smote},
    author = {Last, Felix and Douzas, Georgios and Bacao, Fernando},
    journal = {arXiv preprint arXiv:1711.00837},
    year = {2017}
}

@inproceedings{adasyn,
    title = {ADASYN: Adaptive synthetic sampling approach for imbalanced learning},
    author = {He, Haibo and Bai, Yang and Garcia, Edwardo A and Li, Shutao},
    booktitle = {2008 IEEE international joint conference on neural networks (IEEE world congress on computational intelligence)},
    pages = {1322--1328},
    year = {2008},
    organization = {IEEE}
}

@article{cnn,
    title = {The condensed nearest neighbor rule (Corresp.)},
    author = {Hart, P.},
    journal = {IEEE Transactions on Information Theory},
    year = {1968},
    volume = {14},
    number = {3},
    pages = {515-516},
    doi = {10.1109/TIT.1968.1054155}
}

@article{enn,
    title = {Asymptotic Properties of Nearest Neighbor Rules Using Edited Data},
    author = {Wilson, Dennis L.},
    journal = {IEEE Transactions on Systems, Man, and Cybernetics},
    year = {1972},
    volume = {SMC-2},
    number = {3},
    pages = {408-421},
    doi = {10.1109/TSMC.1972.4309137}
}

@article{repeated-enn,
    title = {An Experiment with the Edited Nearest-Neighbor Rule},
    author = {Tomek, Ivan},
    journal = {IEEE Transactions on Systems, Man, and Cybernetics},
    year = {1976},
    volume = {SMC-6},
    number = {6},
    pages = {448-452},
    doi = {10.1109/TSMC.1976.4309523}
}

@inproceedings{near-miss,
    title = {kNN approach to unbalanced data distributions: a case study involving information extraction},
    author = {Mani, Inderjeet and Zhang, I},
    booktitle = {Proceedings of workshop on learning from imbalanced datasets},
    volume = {126},
    pages = {1--7},
    year = {2003},
    organization = {ICML}
}

@article{tomek-links,
    title = {Two Modifications of CNN},
    author = {Tomek, Ivan},
    journal = {IEEE Transactions on Systems, Man, and Cybernetics},
    year = {1976},
    volume = {SMC-6},
    number = {11},
    pages = {769-772},
    doi = {10.1109/TSMC.1976.4309452}
}

@inproceedings{one-sided-selection,
    title = {Addressing the curse of imbalanced training sets: one-sided selection},
    author = {Kubat, Miroslav and Matwin, Stan and others},
    booktitle = {Icml},
    volume = {97},
    pages = {179},
    year = {1997},
    organization = {Citeseer}
}

@inproceedings{ncl,
    title = {Improving identification of difficult small classes by balancing class distribution},
    author = {Laurikkala, Jorma},
    booktitle = {Conference on artificial intelligence in medicine in Europe},
    pages = {63--66},
    year = {2001},
    organization = {Springer}
}

@inproceedings{cluster-centroids,
    author = {Ren, Huajuan and Yang, Bei},
    title = {Clustering-Based Prototype Generation for Imbalance Classification},
    booktitle = {2019 International Conference on Smart Grid and Electrical Automation (ICSGEA)},
    year = {2019},
    pages = {422-426},
    doi = {10.1109/ICSGEA.2019.00102}
}

@inproceedings{auto-sklearn-1.0,
    title = {Efficient and Robust Automated Machine Learning},
    author = {Feurer, Matthias and Klein, Aaron and Eggensperger, Katharina and Springenberg, Jost and Blum, Manuel and Hutter, Frank},
    booktitle = {Advances in Neural Information Processing Systems 28 (2015)},
    pages = {2962--2970},
    year = {2015}
}

@article{auto-sklearn-2.0,
    title = {Auto-Sklearn 2.0: Hands-free AutoML via Meta-Learning},
    author = {Feurer, Matthias and Eggensperger, Katharina and Falkner, Stefan and Lindauer, Marius and Hutter, Frank},
    journal = {arXiv:2007.04074 [cs.LG]},
    year = {2020}
}

@article{imblearn,
    title = {Imbalanced-learn: A Python Toolbox to Tackle the Curse of Imbalanced Datasets in Machine Learning},
    author = {Guillaume Lema{{\^i}}tre and Fernando Nogueira and Christos K. Aridas},
    journal = {Journal of Machine Learning Research},
    year = {2017},
    volume = {18},
    number = {17},
    pages = {1-5},
    url = {http://jmlr.org/papers/v18/16-365.html}
}

@article{openml,
    title = {OpenML: networked science in machine learning},
    author = {Joaquin Vanschoren and Jan N. van Rijn and Bernd Bischl and Luis Torgo},
    journal = {SIGKDD Explorations},
    volume = {15},
    number = {2},
    year = {2013},
    pages = {49-60},
    url = {http://doi.acm.org/10.1145/2641190.264119},
    doi = {10.1145/2641190.2641198},
    publisher = {ACM}
}

@inproceedings{credit-card,
    title = {Calibrating probability with undersampling for unbalanced classification},
    author = {Dal Pozzolo, Andrea and Caelen, Olivier and Johnson, Reid A and Bontempi, Gianluca},
    booktitle = {2015 IEEE Symposium Series on Computational Intelligence},
    pages = {159--166},
    year = {2015},
    organization = {IEEE}
}

@misc{pc2+mc1,
    title = {The {PROMISE} Repository of Software Engineering Databases.},
    author = {Sayyad Shirabad, J. and Menzies, T.J.},
    year = {2005},
    url = {http://promise.site.uottawa.ca/SERepository},
    howpublished = {School of Information Technology and Engineering, University of Ottawa, Canada}
}

@misc{satellite,
    title = {Unsupervised Anomaly Detection Benchmark},
    author = {Goldstein, Markus},
    year = {2015},
    doi = {10.7910/DVN/OPQMVF},
    url = {https://doi.org/10.7910/DVN/OPQMVF},
    publisher = {Harvard Dataverse}
}

@article{lttr-dataset,
    title = {Letter recognition using Holland-style adaptive classifiers},
    author = {Frey, Peter W and Slate, David J},
    journal = {Machine learning},
    volume = {6},
    number = {2},
    pages = {161--182},
    year = {1991},
    publisher = {Springer}
}

@article{ids,
    title = {Toward generating a new intrusion detection dataset and intrusion traffic characterization.},
    author = {Sharafaldin, Iman and Lashkari, Arash Habibi and Ghorbani, Ali A},
    journal = {ICISSp},
    volume = {1},
    pages = {108--116},
    year = {2018}
}

@inproceedings{pdf,
    title = {PDF Malware Detection based on Stacking Learning.},
    author = {Issakhani, Maryam and Victor, Princy and Tekeoglu, Ali and Lashkari, Arash Habibi},
    booktitle = {ICISSP},
    pages = {562--570},
    year = {2022}
}

@inproceedings{unsw,
    author = {Moustafa, Nour and Slay, Jill},
    booktitle = {2015 Military Communications and Information Systems Conference (MilCIS)},
    title = {UNSW-NB15: a comprehensive data set for network intrusion detection systems (UNSW-NB15 network data set)},
    year = {2015},
    pages = {1-6},
    doi = {10.1109/MilCIS.2015.7348942}
}

@article{ember,
    title = {Ember: an open dataset for training static pe malware machine learning models},
    author = {Anderson, Hyrum S and Roth, Phil},
    journal = {arXiv preprint arXiv:1804.04637},
    year = {2018}
}

@article{stats-comparison,
    title = {Statistical comparisons of classifiers over multiple data sets},
    author = {Dem{\v{s}}ar, Janez},
    journal = {The Journal of Machine Learning Research},
    volume = {7},
    pages = {1--30},
    year = {2006},
    publisher = {JMLR. org}
}

@article{bayesian-opt,
    title = {A Tutorial on Bayesian Optimization of Expensive Cost Functions, with Application to Active User Modeling and Hierarchical Reinforcement Learning},
    author = {Eric Brochu and Vlad M. Cora and Nando de Freitas},
    journal = {CoRR},
    volume = {abs/1012.2599},
    year = {2010},
    url = {http://arxiv.org/abs/1012.2599},
    eprinttype = {arXiv},
    eprint = {1012.2599}
}

@article{nn-for-tabular-data,
    title = {Tabular Data: Deep Learning is Not All You Need},
    author = {Shwartz-Ziv, Ravid and Armon, Amitai},
    year = {2022},
    publisher = {Elsevier Science Publishers B. V.},
    address = {NLD},
    volume = {81},
    number = {C},
    issn = {1566-2535},
    url = {https://doi.org/10.1016/j.inffus.2021.11.011},
    doi = {10.1016/j.inffus.2021.11.011},
    journal = {Inf. Fusion}
}
